---
---

@misc{esteban-moro-worksheet,
title={Network science for kids!},
url={http://estebanmoro.org/2017/03/network-science-for-kids},
author={Esteban Moro},
year={2017},
month={Mar}
}

